<record><leader>00000cas a22000007a 4500</leader><controlfield tag="001">31263971</controlfield><controlfield tag="008">941012d188u188umaudn ne      0    0eng d</controlfield><datafield ind1=" " ind2=" " tag="010"><subfield code="a">sn 94055901 </subfield></datafield><datafield ind1=" " ind2=" " tag="040"><subfield code="a">MGN</subfield><subfield code="b">eng</subfield><subfield code="c">MGN</subfield><subfield code="d">OCLCQ</subfield><subfield code="d">DLC</subfield></datafield><datafield ind1=" " ind2=" " tag="042"><subfield code="a">msc</subfield></datafield><datafield ind1="0" ind2=" " tag="130"><subfield code="a">Haverhill gazette (Haverhill, Mass. : 1883)</subfield></datafield><datafield ind1="1" ind2="0" tag="245"><subfield code="a">Haverhill gazette.</subfield></datafield><datafield ind1=" " ind2=" " tag="260"><subfield code="a">Haverhill, Mass. :</subfield><subfield code="b">[s.n.]</subfield></datafield><datafield ind1=" " ind2=" " tag="300"><subfield code="a">v.</subfield></datafield><datafield ind1=" " ind2=" " tag="310"><subfield code="a">Daily (except Sun.)</subfield></datafield><datafield ind1=" " ind2=" " tag="580"><subfield code="a">Weekly ed.: Haverhill gazette (Haverhill, Mass. : 1840).</subfield></datafield><datafield ind1=" " ind2=" " tag="588"><subfield code="a">Description based on: Vol. 10, no. 258 (May 5, 1883).</subfield></datafield><datafield ind1=" " ind2=" " tag="752"><subfield code="a">United States</subfield><subfield code="b">Massachusetts</subfield><subfield code="c">Essex</subfield><subfield code="d">Haverhill.</subfield></datafield><datafield ind1="1" ind2=" " tag="775"><subfield code="t">Haverhill gazette (Haverhill, Mass. : 1840)</subfield><subfield code="x">2575-9566</subfield><subfield code="w">(DLC)sn 83020525</subfield><subfield code="w">(OCoLC)9381459</subfield></datafield><datafield ind1="0" ind2="0" tag="780"><subfield code="t">Haverhill gazette, Haverhill evening telephone</subfield><subfield code="w">(DLC)sn 94055900</subfield></datafield><datafield ind1="0" ind2="0" tag="785"><subfield code="t">Haverhill evening gazette</subfield><subfield code="w">(DLC)sn 86071594</subfield></datafield></record>